@ONLINE{issue14,
  url = {https://github.com/EuBIC/EuBIC2023/issues/14},
  author = {Maximilian Strauss},
  title = {DeepScore: Community curated scoring, supercharged with AI},
  publisher = {GitHub},
  year = {2022}
}

@ONLINE{issue13,
  url = {https://github.com/EuBIC/EuBIC2023/issues/13},
  author = {Matthias Mattanovich and Muyao Xi},
  title = {MS2 spectra matching for metabolite identification},
  publisher = {GitHub},
  year = {2022}
}

@ONLINE{issue12,
  url = {https://github.com/EuBIC/EuBIC2023/issues/12},
  author = {Ludwig Lautenbacher},
  title = {Shaping a European prediction service for biological data},
  publisher = {GitHub},
  year = {2022}
}

@ONLINE{issue11,
  url = {https://github.com/EuBIC/EuBIC2023/issues/11},
  author = {Matthew The},
  title = {{Easy-to-use interactive HTML plots collection for data exploration and web tools}},
  publisher = {GitHub},
  year = {2022}
}

@ONLINE{issue10,
  url = {https://github.com/EuBIC/EuBIC2023/issues/10},
  author = {Dirk Winkelhardt},
  title = {{Rusteomics - Community driven toolbox for omic-research}},
  publisher = {GitHub},
  year = {2022}
}

@ONLINE{issue9,
  url = {https://github.com/EuBIC/EuBIC2023/issues/9},
  author = {Veit Schw√§mmle and Arthur Grimaud},
  title = {Making sense of internal fragment ions},
  publisher = {GitHub},
  year = {2022}
}

@ONLINE{issue7,
  url = {https://github.com/EuBIC/EuBIC2023/issues/7},
  author = {Tim Van Den Bossche},
  title = {Exploring and solving functional analysis gaps in metaproteomics},
  publisher = {GitHub},
  year = {2022}
}
