@article{EuBIC-MS2020,
  title = {Proceedings of the EuBIC-MS 2020 Developers’ Meeting},
  volume = {24},
  ISSN = {2212-9685},
  url = {http://dx.doi.org/10.1016/J.EUPROT.2020.11.001},
  DOI = {10.1016/j.euprot.2020.11.001},
  journal = {EuPA Open Proteomics},
  publisher = {Elsevier BV},
  author = {Ashwood,  Christopher and Bittremieux,  Wout and Deutsch,  Eric W. and Doncheva,  Nadezhda T. and Dorfer,  Viktoria and Gabriels,  Ralf and Gorshkov,  Vladimir and Gupta,  Surya and Jones,  Andrew R. and K\"{a}ll,  Lukas and Kopczynski,  Dominik and Lane,  Lydie and Lautenbacher,  Ludwig and Legeay,  Marc and Locard-Paulet,  Marie and Mesuere,  Bart and Perez-Riverol,  Yasset and Netz,  Eugen and Pfeuffer,  Julianus and Sachsenberg,  Timo and Salz,  Renee and Samaras,  Patroklos and Schiebenhoefer,  Henning and Schmidt,  Tobias and Schw\"{a}mmle,  Veit and Soggiu,  Alessio and Uszkoreit,  Julian and Van Den Bossche,  Tim and Van Puyvelde,  Bart and Van Strien,  Joeri and Verschaffelt,  Pieter and Webel,  Henry and Willems,  Sander},
  year = {2020},
  month = dec,
  pages = {1–6}
}

@article{Strauss2024,
  title = {AlphaPept: a modern and open framework for MS-based proteomics},
  volume = {15},
  ISSN = {2041-1723},
  url = {http://dx.doi.org/10.1038/s41467-024-46485-4},
  DOI = {10.1038/s41467-024-46485-4},
  number = {1},
  journal = {Nature Communications},
  publisher = {Springer Science and Business Media LLC},
  author = {Strauss,  Maximilian T. and Bludau,  Isabell and Zeng,  Wen-Feng and Voytik,  Eugenia and Ammar,  Constantin and Schessner,  Julia P. and Ilango,  Rajesh and Gill,  Michelle and Meier,  Florian and Willems,  Sander and Mann,  Matthias},
  year = {2024},
  month = mar
}

@Article{pmid37438360,
   Author="Geiszler, D. J.  and Polasky, D. A.  and Yu, F.  and Nesvizhskii, A. I. ",
   Title="{{D}etecting diagnostic features in {M}{S}/{M}{S} spectra of post-translationally modified peptides}",
   Journal="Nat Commun",
   Year="2023",
   Volume="14",
   Number="1",
   Pages="4132",
   Month="Jul",
   Note={[PubMed Central:\href{https://www.ncbi.nlm.nih.gov/pmc/articles/PMC7460724}{PMC7460724}] [DOI:\href{https://dx.doi.org/10.1021/pr070542g}{10.1021/pr070542g}] [PubMed:\href{https://www.ncbi.nlm.nih.gov/pubmed/18159924}{18159924}] }
}

% 37004988
@Article{pmid37004988,
   Author="Polasky, D. A.  and Geiszler, D. J.  and Yu, F.  and Li, K.  and Teo, G. C.  and Nesvizhskii, A. I. ",
   Title="{{M}{S}{F}ragger-{L}abile: {A} {F}lexible {M}ethod to {I}mprove {L}abile {P}{T}{M} {A}nalysis in {P}roteomics}",
   Journal="Mol Cell Proteomics",
   Year="2023",
   Volume="22",
   Number="5",
   Pages="100538",
   Month="May",
   Note={[PubMed Central:\href{https://www.ncbi.nlm.nih.gov/pmc/articles/PMC6495254}{PMC6495254}] [DOI:\href{https://dx.doi.org/10.1101/2022.09.12.507594}{10.1101/2022.09.12.507594}] [PubMed:\href{https://www.ncbi.nlm.nih.gov/pubmed/34032442}{34032442}] }
}

% 36433986
@Article{pmid36433986,
   Author="Zeng, W. F.  and Zhou, X. X.  and Willems, S.  and Ammar, C.  and Wahle, M.  and Bludau, I.  and Voytik, E.  and Strauss, M. T.  and Mann, M. ",
   Title="{{A}lpha{P}ept{D}eep: a modular deep learning framework to predict peptide properties for proteomics}",
   Journal="Nat Commun",
   Year="2022",
   Volume="13",
   Number="1",
   Pages="7238",
   Month="Nov",
   Note={[PubMed Central:\href{https://www.ncbi.nlm.nih.gov/pmc/articles/PMC7141850}{PMC7141850}] [DOI:\href{https://dx.doi.org/10.1093/bioinformatics/btz921}{10.1093/bioinformatics/btz921}] [PubMed:\href{https://www.ncbi.nlm.nih.gov/pubmed/31821414}{31821414}] }
}

% 35883008
@Article{pmid35883008,
   Author="Gibney, E. ",
   Title="{{C}ould machine learning fuel a reproducibility crisis in science?}",
   Journal="Nature",
   Year="2022",
   Volume="608",
   Number="7922",
   Pages="250--251",
   Month="Aug",
   Note={[DOI:\href{https://dx.doi.org/10.1016/S2589-7500(19)30123-2}{10.1016/S2589-7500(19)30123-2}] [PubMed:\href{https://www.ncbi.nlm.nih.gov/pubmed/33323251}{33323251}] }
}

% 35549156
@Article{pmid35549156,
   Author="Gabriel, W.  and The, M.  and Zolg, D. P.  and Bayer, F. P.  and Shouman, O.  and Lautenbacher, L.  and Schnatbaum, K.  and Zerweck, J.  and Knaute, T.  and Delanghe, B.  and Huhmer, A.  and Wenschuh, H.  and Reimer, U.  and dard, G.  and Kuster, B.  and Wilhelm, M. ",
   Title="{{P}rosit-{T}{M}{T}: {D}eep {L}earning {B}oosts {I}dentification of {T}{M}{T}-{L}abeled {P}eptides}",
   Journal="Anal Chem",
   Year="2022",
   Volume="94",
   Number="20",
   Pages="7181--7190",
   Month="May",
   Note={[DOI:\href{https://dx.doi.org/10.1021/acs.analchem.1c05435}{10.1021/acs.analchem.1c05435}] [PubMed:\href{https://www.ncbi.nlm.nih.gov/pubmed/35549156}{35549156}] }
}

% 35119864
@Article{pmid35119864,
   Author="Palmblad, M.  and cker, S.  and Degroeve, S.  and Kohlbacher, O.  and ll, L.  and Noble, W. S.  and Wilhelm, M. ",
   Title="{{I}nterpretation of the {D}{O}{M}{E} {R}ecommendations for {M}achine {L}earning in {P}roteomics and {M}etabolomics}",
   Journal="J Proteome Res",
   Year="2022",
   Volume="21",
   Number="4",
   Pages="1204--1207",
   Month="Apr",
   Note={[PubMed Central:\href{https://www.ncbi.nlm.nih.gov/pmc/articles/PMC4702775}{PMC4702775}] [DOI:\href{https://dx.doi.org/10.1038/s41592-021-01241-0}{10.1038/s41592-021-01241-0}] [PubMed:\href{https://www.ncbi.nlm.nih.gov/pubmed/34433960}{34433960}] }
}

% 34711972
@Article{pmid34711972,
   Author="Bouwmeester, R.  and Gabriels, R.  and Hulstaert, N.  and Martens, L.  and Degroeve, S. ",
   Title="{{D}eep{L}{C} can predict retention times for peptides that carry as-yet unseen modifications}",
   Journal="Nat Methods",
   Year="2021",
   Volume="18",
   Number="11",
   Pages="1363--1369",
   Month="Nov",
   Note={[PubMed Central:\href{https://www.ncbi.nlm.nih.gov/pmc/articles/5059416}{5059416}] [DOI:\href{https://dx.doi.org/10.1007/s13361-016-1460-7}{10.1007/s13361-016-1460-7}] [PubMed:\href{https://www.ncbi.nlm.nih.gov/pubmed/27572102}{27572102}] }
}

% 34316068
@Article{pmid34316068,
   Author="Walsh, I.  and Fishman, D.  and Garcia-Gasulla, D.  and Titma, T.  and Pollastri, G.  and Harrow, J.  and Psomopoulos, F. E.  and Tosatto, S. C. E.  and Capriotti, E.  and Casadio, R.  and Capella-Gutierrez, S.  and Cirillo, D.  and Del Conte, A.  and Dimopoulos, A. C.  and Del Angel, V. D.  and Dopazo, J.  and Fariselli, P.  and ndez, J. M.  and Huber, F.  and Kreshuk, A.  and Lenaerts, T.  and Martelli, P. L.  and Navarro, A.  and Broin, Ó.  and ero, J.  and Piovesan, D.  and Reczko, M.  and Ronzano, F.  and Satagopam, V.  and Savojardo, C.  and Spiwok, V.  and Tangaro, M. A.  and Tartari, G.  and Salgado, D.  and Valencia, A.  and Zambelli, F. ",
   Title="{{D}{O}{M}{E}: recommendations for supervised machine learning validation in biology}",
   Journal="Nat Methods",
   Year="2021",
   Volume="18",
   Number="10",
   Pages="1122--1127",
   Month="Oct",
   Note={[PubMed Central:\href{https://www.ncbi.nlm.nih.gov/pmc/articles/2945788}{2945788}] [DOI:\href{https://dx.doi.org/10.1038/nbt926}{10.1038/nbt926}] [PubMed:\href{https://www.ncbi.nlm.nih.gov/pubmed/14755292}{14755292}] }
}

% 34099720
@Article{pmid34099720,
   Author="Wilhelm, M.  and Zolg, D. P.  and Graber, M.  and Gessulat, S.  and Schmidt, T.  and Schnatbaum, K.  and Schwencke-Westphal, C.  and Seifert, P.  and tzig, N.  and Zerweck, J.  and Knaute, T.  and unlein, E.  and Samaras, P.  and Lautenbacher, L.  and Klaeger, S.  and Wenschuh, H.  and Rad, R.  and Delanghe, B.  and Huhmer, A.  and Carr, S. A.  and Clauser, K. R.  and Krackhardt, A. M.  and Reimer, U.  and Kuster, B. ",
   Title="{{D}eep learning boosts sensitivity of mass spectrometry-based immunopeptidomics}",
   Journal="Nat Commun",
   Year="2021",
   Volume="12",
   Number="1",
   Pages="3346",
   Month="Jun",
   Note={[PubMed Central:\href{https://www.ncbi.nlm.nih.gov/pmc/articles/PMC6402319}{PMC6402319}] [DOI:\href{https://dx.doi.org/10.1182/blood-2010-12-326231}{10.1182/blood-2010-12-326231}] [PubMed:\href{https://www.ncbi.nlm.nih.gov/pubmed/21715316}{21715316}] }
}

% 33020657
@Article{pmid33020657,
   Author="Polasky, D. A.  and Yu, F.  and Teo, G. C.  and Nesvizhskii, A. I. ",
   Title="{{F}ast and comprehensive {N}- and {O}-glycoproteomics analysis with {M}{S}{F}ragger-{G}lyco}",
   Journal="Nat Methods",
   Year="2020",
   Volume="17",
   Number="11",
   Pages="1125--1132",
   Month="Nov",
   Note={[PubMed Central:\href{https://www.ncbi.nlm.nih.gov/pmc/articles/PMC5210636}{PMC5210636}] [DOI:\href{https://dx.doi.org/10.1093/nar/gkw936}{10.1093/nar/gkw936}] [PubMed:\href{https://www.ncbi.nlm.nih.gov/pubmed/27924013}{27924013}] }
}

% 32792501
@Article{pmid32792501,
   Author="Yu, F.  and Teo, G. C.  and Kong, A. T.  and Haynes, S. E.  and Avtonomov, D. M.  and Geiszler, D. J.  and Nesvizhskii, A. I. ",
   Title="{{I}dentification of modified peptides using localization-aware open search}",
   Journal="Nat Commun",
   Year="2020",
   Volume="11",
   Number="1",
   Pages="4065",
   Month="Aug",
   Note={[PubMed Central:\href{https://www.ncbi.nlm.nih.gov/pmc/articles/PMC6323992}{PMC6323992}] [DOI:\href{https://dx.doi.org/10.1021/ac0341261}{10.1021/ac0341261}] [PubMed:\href{https://www.ncbi.nlm.nih.gov/pubmed/14632076}{14632076}] }
}

% 32174200
@Article{pmid32174200,
   Author="Lohmann, P.  and pe, S. S.  and Haange, S. B.  and Oliphant, K.  and Allen-Vercoe, E.  and Jehmlich, N.  and Von Bergen, M. ",
   Title="{{F}unction is what counts: how microbial community complexity affects species, proteome and pathway coverage in metaproteomics}",
   Journal="Expert Rev Proteomics",
   Year="2020",
   Volume="17",
   Number="2",
   Pages="163--173",
   Month="Feb",
   Note={[DOI:\href{https://dx.doi.org/10.1080/14789450.2020.1738931}{10.1080/14789450.2020.1738931}] [PubMed:\href{https://www.ncbi.nlm.nih.gov/pubmed/32174200}{32174200}] }
}

% 31133760
@Article{pmid31133760,
   Author="Gessulat, S.  and Schmidt, T.  and Zolg, D. P.  and Samaras, P.  and Schnatbaum, K.  and Zerweck, J.  and Knaute, T.  and Rechenberger, J.  and Delanghe, B.  and Huhmer, A.  and Reimer, U.  and Ehrlich, H. C.  and Aiche, S.  and Kuster, B.  and Wilhelm, M. ",
   Title="{{P}rosit: proteome-wide prediction of peptide tandem mass spectra by deep learning}",
   Journal="Nat Methods",
   Year="2019",
   Volume="16",
   Number="6",
   Pages="509--518",
   Month="Jun",
   Note={[DOI:\href{https://dx.doi.org/10.1021/acs.jproteome.6b00915}{10.1021/acs.jproteome.6b00915}] [PubMed:\href{https://www.ncbi.nlm.nih.gov/pubmed/31133760}{31133760}] }
}

% 29864591
@Article{pmid29864591,
   Author="Willems, S.  and é, D.  and Deforce, D.  and Dorfer, V.  and Gorshkov, V.  and Kopczynski, D.  and Laukens, K.  and Locard-Paulet, M.  and mmle, V.  and Uszkoreit, J.  and Valkenborg, D.  and Vaudel, M.  and Bittremieux, W. ",
   Title="{{P}roceedings of the {E}u{B}{I}{C} developer's meeting 2018}",
   Journal="J Proteomics",
   Year="2018",
   Volume="187",
   Pages="25--27",
   Month="Sep",
   Note={[DOI:\href{https://dx.doi.org/10.1016/j.jprot.2018.05.015}{10.1016/j.jprot.2018.05.015}] [PubMed:\href{https://www.ncbi.nlm.nih.gov/pubmed/29864591}{29864591}] }
}

% 28394336
@Article{pmid28394336,
   Author="Kong, A. T.  and Leprevost, F. V.  and Avtonomov, D. M.  and Mellacheruvu, D.  and Nesvizhskii, A. I. ",
   Title="{{M}{S}{F}ragger: ultrafast and comprehensive peptide identification in mass spectrometry-based proteomics}",
   Journal="Nat Methods",
   Year="2017",
   Volume="14",
   Number="5",
   Pages="513--520",
   Month="May",
   Note={[PubMed Central:\href{https://www.ncbi.nlm.nih.gov/pmc/articles/PMC5409104}{PMC5409104}] [DOI:\href{https://dx.doi.org/10.1038/nmeth.4256}{10.1038/nmeth.4256}] [PubMed:\href{https://www.ncbi.nlm.nih.gov/pubmed/28394336}{28394336}] }
}

% 28385664
@Article{pmid28385664,
   Author="Willems, S.  and é, D.  and David, M.  and Locard-Paulet, M.  and Mechtler, K.  and mmle, V.  and Uszkoreit, J.  and Vaudel, M.  and Dorfer, V. ",
   Title="{{P}roceedings of the {E}u{B}{I}{C} {W}inter {S}chool 2017}",
   Journal="J Proteomics",
   Year="2017",
   Volume="161",
   Pages="78--80",
   Month="May",
   Note={[DOI:\href{https://dx.doi.org/10.1016/j.jprot.2017.04.001}{10.1016/j.jprot.2017.04.001}] [PubMed:\href{https://www.ncbi.nlm.nih.gov/pubmed/28385664}{28385664}] }
}

% 25990723
@Article{pmid25990723,
   Author="Degroeve, S.  and Maddelein, D.  and Martens, L. ",
   Title="{{M}{S}2{P}{I}{P} prediction server: compute and visualize {M}{S}2 peak intensity predictions for {C}{I}{D} and {H}{C}{D} fragmentation}",
   Journal="Nucleic Acids Res",
   Year="2015",
   Volume="43",
   Number="W1",
   Pages="W326--330",
   Month="Jul",
   Note={[PubMed Central:\href{https://www.ncbi.nlm.nih.gov/pmc/articles/PMC5994937}{PMC5994937}] [DOI:\href{https://dx.doi.org/10.1093/nar/gkv542}{10.1093/nar/gkv542}] [PubMed:\href{https://www.ncbi.nlm.nih.gov/pubmed/22998608}{22998608}] }
}

% 24078703
@Article{pmid24078703,
   Author="Degroeve, S.  and Martens, L. ",
   Title="{{M}{S}2{P}{I}{P}: a tool for {M}{S}/{M}{S} peak intensity prediction}",
   Journal="Bioinformatics",
   Year="2013",
   Volume="29",
   Number="24",
   Pages="3199--3203",
   Month="Dec",
   Note={[PubMed Central:\href{https://www.ncbi.nlm.nih.gov/pmc/articles/PMC2529326}{PMC2529326}] [DOI:\href{https://dx.doi.org/10.1093/bioinformatics/btt544}{10.1093/bioinformatics/btt544}] [PubMed:\href{https://www.ncbi.nlm.nih.gov/pubmed/18664292}{18664292}] }
}


