%23399932
@article{pmid23399932,
  title = {{Interactome3D}: adding structural details to protein networks},
  volume = {10},
  ISSN = {1548-7105},
  url = {http://dx.doi.org/10.1038/nmeth.2289},
  DOI = {10.1038/nmeth.2289},
  number = {1},
  journal = {Nature Methods},
  publisher = {Springer Science and Business Media LLC},
  author = {Mosca,  Roberto and Céol,  Arnaud and Aloy,  Patrick},
  year = {2013},
  month = Jan,
  pages = {47–53}
}


%36690744
@article{pmid36690744,
  title = {Towards a structurally resolved human protein interaction network},
  volume = {30},
  ISSN = {1545-9985},
  url = {http://dx.doi.org/10.1038/s41594-022-00910-8},
  DOI = {10.1038/s41594-022-00910-8},
  number = {2},
  journal = {Nature Structural \& Molecular Biology},
  publisher = {Springer Science and Business Media LLC},
  author = {Burke,  David F. and Bryant,  Patrick and Barrio-Hernandez,  Inigo and Memon,  Danish and Pozzati,  Gabriele and Shenoy,  Aditi and Zhu,  Wensi and Dunham,  Alistair S. and Albanese,  Pascal and Keller,  Andrew and Scheltema,  Richard A. and Bruce,  James E. and Leitner,  Alexander and Kundrotas,  Petras and Beltrao,  Pedro and Elofsson,  Arne},
  year = {2023},
  month = Jan,
  pages = {216–225}
}
%29032074
@article{pmid29032074,
  title = {Widespread Post-transcriptional Attenuation of Genomic Copy-Number Variation in Cancer},
  volume = {5},
  ISSN = {2405-4712},
  url = {http://dx.doi.org/10.1016/j.cels.2017.08.013},
  DOI = {10.1016/j.cels.2017.08.013},
  number = {4},
  journal = {Cell Systems},
  publisher = {Elsevier BV},
  author = {Gon\c{c}alves,  Emanuel and Fragoulis,  Athanassios and Garcia-Alonso,  Luz and Cramer,  Thorsten and Saez-Rodriguez,  Julio and Beltrao,  Pedro},
  year = {2017},
  month = Oct,
  pages = {386--398.e4}
}
%28854368
@article{pmid28854368,
  title = {Genomic Determinants of Protein Abundance Variation in Colorectal Cancer Cells},
  volume = {20},
  ISSN = {2211-1247},
  url = {http://dx.doi.org/10.1016/j.celrep.2017.08.010},
  DOI = {10.1016/j.celrep.2017.08.010},
  number = {9},
  journal = {Cell Reports},
  publisher = {Elsevier BV},
  author = {Roumeliotis,  Theodoros I. and Williams,  Steven P. and Gon\c{c}alves,  Emanuel and Alsinet,  Clara and Del Castillo Velasco-Herrera,  Martin and Aben,  Nanne and Ghavidel,  Fatemeh Zamanzad and Michaut,  Magali and Schubert,  Michael and Price,  Stacey and Wright,  James C. and Yu,  Lu and Yang,  Mi and Dienstmann,  Rodrigo and Guinney,  Justin and Beltrao,  Pedro and Brazma,  Alvis and Pardo,  Mercedes and Stegle,  Oliver and Adams,  David J. and Wessels,  Lodewyk and Saez-Rodriguez,  Julio and McDermott,  Ultan and Choudhary,  Jyoti S.},
  year = {2017},
  month = aug,
  pages = {2201–2214}
}
